@inproceedings{bkt-optimal-worst,
  title={Optimal and worst-case performance of mastery learning assessment with bayesian knowledge tracing},
  author={Fancsali, Stephen and Nixon, Tristan and Ritter, Steven},
  booktitle={Educational Data Mining 2013},
  year={2013}
}

@article{bkt-reduce,
  title={Reducing the Knowledge Tracing Space.},
  author={Ritter, Steven and Harris, Thomas K and Nixon, Tristan and Dickison, Daniel and Murray, R Charles and Towle, Brendon},
  journal={International Working Group on Educational Data Mining},
  year={2009},
  publisher={ERIC}
}

@article{bkt-logistic-overview,
  title={Bayesian knowledge tracing, logistic models, and beyond: an overview of learner modeling techniques},
  author={Pel{\'a}nek, Radek},
  journal={User Modeling and User-Adapted Interaction},
  volume={27},
  number={3-5},
  pages={313--350},
  year={2017},
  publisher={Springer}
}
